<marc:record xmlns:marc="http://www.loc.gov/MARC21/slim" xmlns:xsi="http://www.w3.org/2001/XMLSchema-instance" xsi:schemaLocation="http://www.loc.gov/MARC21/slim http://www.loc.gov/standards/marcxml/schema/MARC21slim.xsd">
  <marc:leader>     cam a22002651  45M</marc:leader>
  <marc:controlfield tag="001">001680071</marc:controlfield>
  <marc:controlfield tag="003">NNU</marc:controlfield>
  <marc:controlfield tag="005">19990914005950.0</marc:controlfield>
  <marc:controlfield tag="008">880914r19641861iq            000 0 arard</marc:controlfield>
  <marc:datafield tag="010" ind1=" " ind2=" ">
    <marc:subfield code="a">ne 67001621</marc:subfield>
  </marc:datafield>
  <marc:datafield tag="035" ind1="9" ind2=" ">
    <marc:subfield code="a">NYUb12223469</marc:subfield>
  </marc:datafield>
  <marc:datafield tag="035" ind1=" " ind2=" ">
    <marc:subfield code="a">(NIC)notisARY7196</marc:subfield>
  </marc:datafield>
  <marc:datafield tag="035" ind1=" " ind2=" ">
    <marc:subfield code="a">(OCoLC)ocm18484128</marc:subfield>
  </marc:datafield>
  <marc:datafield tag="035" ind1=" " ind2=" ">
    <marc:subfield code="a">(CStRLIN)NYCXARY7196-B</marc:subfield>
  </marc:datafield>
  <marc:datafield tag="040" ind1=" " ind2=" ">
    <marc:subfield code="a">WAU</marc:subfield>
    <marc:subfield code="c">WAU</marc:subfield>
    <marc:subfield code="d">EYM</marc:subfield>
    <marc:subfield code="d">NIC</marc:subfield>
  </marc:datafield>
  <marc:datafield tag="100" ind1="1" ind2=" ">
    <marc:subfield code="a">Mutanabbī, Abū al-Ṭayyib Aḥmad ibn al-Ḥusayn,</marc:subfield>
    <marc:subfield code="d">915 or 16-965.</marc:subfield>
  </marc:datafield>
  <marc:datafield tag="245" ind1="1" ind2="0">
    <marc:subfield code="a">Dīwan /</marc:subfield>
    <marc:subfield code="c">wa fī athnāʼ matnih sharḥ al-Waḥidī wa-arba ʻat fahāris taʼlīf Friedrich Dieterici.</marc:subfield>
  </marc:datafield>
  <marc:datafield tag="260" ind1=" " ind2=" ">
    <marc:subfield code="a">Berlin,</marc:subfield>
    <marc:subfield code="c">1861</marc:subfield>
    <marc:subfield code="a">[Bagdad :</marc:subfield>
    <marc:subfield code="b">Maktabat-al-Muthanná,</marc:subfield>
    <marc:subfield code="c">1964?]</marc:subfield>
  </marc:datafield>
  <marc:datafield tag="300" ind1=" " ind2=" ">
    <marc:subfield code="a">860, xiii p.</marc:subfield>
  </marc:datafield>
  <marc:datafield tag="500" ind1=" " ind2=" ">
    <marc:subfield code="a">Added t.p.: Diwan al-Mutanabbī, with the commentary by Abi-l-Hasan Ali ibn Ahmad al-Wahidi al-Naisaburi.</marc:subfield>
  </marc:datafield>
  <marc:datafield tag="500" ind1=" " ind2=" ">
    <marc:subfield code="a">Photo-offset of the ed. of 1861, originally issued with a Latin t.p. which has not been reproduced: Mutanabbii Carmina cum commentario Waḥidii.</marc:subfield>
  </marc:datafield>
  <marc:datafield tag="700" ind1="1" ind2=" ">
    <marc:subfield code="a">Dieterici, Friedrich.</marc:subfield>
  </marc:datafield>
  <marc:datafield tag="740" ind1="0" ind2=" ">
    <marc:subfield code="a">Diwan al-Mutanabbī.</marc:subfield>
  </marc:datafield>
  <marc:datafield tag="950" ind1=" " ind2=" ">
    <marc:subfield code="l">BMAIN</marc:subfield>
    <marc:subfield code="a">PJ7750</marc:subfield>
    <marc:subfield code="b">.M8 1964</marc:subfield>
  </marc:datafield>
  <marc:datafield tag="955" ind1=" " ind2=" ">
    <marc:subfield code="l">BMAIN</marc:subfield>
    <marc:subfield code="c">1</marc:subfield>
    <marc:subfield code="r">015001335</marc:subfield>
  </marc:datafield>
  <marc:datafield tag="998" ind1=" " ind2=" ">
    <marc:subfield code="s">9125</marc:subfield>
  </marc:datafield>
</marc:record>
